\begin{thebibliography}{99}

\bibitem[\protect\citeauthoryear{Author}{2012}]{Author2012}
Author A.~N., 2013, Journal of Improbable Astronomy, 1, 1

\bibitem[\protect\citeauthoryear{Others}{2013}]{Others2013}
Others S., 2012, Journal of Interesting Stuff, 17, 198

\bibitem[\protect\citeauthoryear{Others}{2013}]{Bidelman1951}
Bidelman .W.~P. & Keenan .P.~C. , 1951, ApJ, 114, 473

\end{thebibliography}

